@BOOKLET{ref,
  title = {Title},
  author = {x and y}, 
  publisher = {Universit√§t z},
  year = {2012},
  note = {\url{http://x.pdf}}
}

@ONLINE{ref1,
  author = {name},
  title = {website title},
  note = {\url{http://link}}
}

